@inproceedings{Silver:2014:DPG:3044805.3044850,
	author = {Silver, David and Lever, Guy and Heess, Nicolas and Degris, Thomas and Wierstra, Daan and Riedmiller, Martin},
	title = {Deterministic Policy Gradient Algorithms},
	booktitle = {Proceedings of the 31st International Conference on International Conference on Machine Learning - Volume 32},
	series = {ICML'14},
	year = {2014},
	location = {Beijing, China},
	pages = {I-387--I-395},
	url = {http://dl.acm.org/citation.cfm?id=3044805.3044850},
	acmid = {3044850},
	publisher = {JMLR.org},
} 

@article{DBLP:journals/corr/LoweWTHAM17,
	author    = {Ryan Lowe and
	Yi Wu and
	Aviv Tamar and
	Jean Harb and
	Pieter Abbeel and
	Igor Mordatch},
	title     = {Multi-Agent Actor-Critic for Mixed Cooperative-Competitive Environments},
	journal   = {CoRR},
	volume    = {abs/1706.02275},
	year      = {2017},
	url       = {http://arxiv.org/abs/1706.02275},
	archivePrefix = {arXiv},
	eprint    = {1706.02275},
	timestamp = {Mon, 13 Aug 2018 16:47:09 +0200},
	biburl    = {https://dblp.org/rec/bib/journals/corr/LoweWTHAM17},
	bibsource = {dblp computer science bibliography, https://dblp.org}
}

@book{DBLP:books/lib/SuttonB98,
	author    = {Richard S. Sutton and
	Andrew G. Barto},
	title     = {Reinforcement learning - an introduction},
	series    = {Adaptive computation and machine learning},
	publisher = {{MIT} Press},
	year      = {1998},
	url       = {http://www.worldcat.org/oclc/37293240},
	isbn      = {0262193981},
	timestamp = {Wed, 26 Apr 2017 17:48:08 +0200},
	biburl    = {https://dblp.org/rec/bib/books/lib/SuttonB98},
	bibsource = {dblp computer science bibliography, https://dblp.org}
}